%%
%% Arquivo utilizado no projeto abnTeX
%% O uso do biblatex no UnBTeX permitiu que o texto do arquivo bib
%% recebesse acentuação no padrão pt-br
%%

@mastersthesis{penha,
    author = "Thales Vaz Penha",
    title = "Detecção de áreas queimadas na Amazônia utilizando imagens de média resolução espacial, técnicas de {GEOBIA} e mineração de dados",
    school = "Instituto Nacional de Pesquisas Espaciais (INPE)",
    type = "Programa de Pós-Graduação do INPE em Sensoriamento Remoto",
    year = "2018",
    url = "	http://urlib.net/sid.inpe.br/mtc-m21c/2018/04.29.22.45"
}

@article{severidade,
	Author = {J. Barlow, E. Berenguer and R. Carmenta, and F. França},
	Title = {Clarifying Amazonia's burning crisis},
	Publisher = {Glob Change Biol},
	Year = {2020},
	Pages = {319-321}
}

@article{batista,
    Author = {Batista, A. C},
    Title = {Detecção de incêndios florestais por satélite},
    Year = {2004},
    Address = {Curitiba, Pr},
    Publisher = {Floresta 34},
    Edition = {2}
}

@misc{jornal_ambiental,
    Author = {Ima Vieira and Tatiana SÁ and Maria Tereza Fernandes Piedade},
    Title = {Os incêndios criminosos na Amazônia devem ser contidos},
    Year = {2021},
    Publisher = {Oeco},
    Url = {https://oeco.org.br/analises/os-incendios-criminosos-na-amazonia-devem-ser-contidos/}
}

@misc{horizon,
    Title = {EU Horizon 2020 Work Programme 2018–2020 Cross-Cutting Activities},
    Year = {2020},
    Publisher = {Publications Office of the European Union},
    Address = {Luxemburg},
    Pages = {70-73}
}

@article{naqa,
    Author = {El Naqa, I. and Murphy, M.J.},
    Title = {What is machine learning?},
    Year = {2015},
    Pages = {3-11},
    Publisher = {Machine Learning Techniques for Multimedia},
    Address = {erlin/Heidelberg, Germany}
}

@article{coogan,
    Author = {Jain, P. and Coogan, S.C.P. and Subramanian, S.G. and Crowley, M. and Taylor, S. and Flannigan, M.D},
    Title = {A review of machine learning applications in wildfire science and management},
    Year = {2020},
    Pages = {478-505}
}

@article{invention,
    Author = {Bot, K. and Borges, J.G.},
    Title = {A Systematic Review of Applications of Machine Learning Techniques for Wildfire Management Decision Support},
    Year = {2022},
    Publisher = {Inventions},
    Url = {https://www.mdpi.com/2411-5134/7/1/15}
}

@article{bdqueimadas,
    Title = {INPE. Banco de Dados de queimadas},
    Year = {2022},
    Url = {http://www.inpe.br/queimadas/bdqueimadas}
}

@article{panamazonia,
    Title = {INPE},
    Year = {1992},
    Url = {http://www.dsr.inpe.br/laf/panamazonia/}
}

@article{deter,
    Title = {INPE. Banco de Dados de queimadas},
    Year = {2004},
    Url = {http://www.obt.inpe.br/OBT/assuntos/programas/amazonia/deter/deter}
}

@article{amazonia_carbono,
    Title = {INPE},
    Year = {2022},
    Url = {http://www.inpe.br/noticias/noticia.php?Cod_Noticia=5876}
}

@article{hist_amz,
    Title = {Coordenacaoo-Geral de Observação da Terra, INPE},
    Year = {2019},
    Url = {http://www.obt.inpe.br/OBT/noticias-obt-inpe/memoria-historia-do-monitoramento-da-floresta-amazonica-projetos-prodes-deter-e-panamazonia}
}

@misc{gfed,
    Title = {Global Fire Emission Database},
    Url = {https://globalfiredata.org/pages/amazon-dashboard/},
    Year = {2022}
}


@article{andela,
author = {Andela, Niels and Morton, Douglas and Giglio, Louis and Paugam, Ronan and Chen, Yang and Hantson, Stijn and Werf, Guido and Randerson, James},
year = {2018},
month = {09},
pages = {1-28},
title = {The Global Fire Atlas of individual fire size, duration, speed, and direction},
journal = {Earth System Science Data Discussions},
doi = {10.5194/essd-2018-89}
}

@article{forest-fire-ip-camera,
author = {Bao Tran and Nguyen Hoa},
year = {2017},
month = {10},
pages = {},
title = {Approach to Detecting Forest Fire by Image Processing Captured from {IP} Cameras},
volume = {5},
journal = {Advances in Image and Video Processing},
doi = {10.14738/aivp.55.3690}
}

@Article{forest-fire-detection-wireless-sensor,
    title = {Forest fire detection system using wireless sensor networks and machine learning},
    author = {Udaya Dampage and Lumini Bandaranayake and Ridma Wanasinghe and Kishanga Kottahachchi and Bathiya Jayasanka},
    journal={Scientific Reports},
    year = { 2022 },
    DOI = { 10.1038 },
    ISSN = { 2045-2322 },
    url = { https://www.nature.com/articles/s41598-021-03882-9 },
    
}

@article{queimadas_cerrado,
title = {An alternative approach for mapping burn scars using {Landsat imagery}, {Google Earth Engine}, and Deep Learning in the Brazilian Savanna},
journal = {Remote Sensing Applications: Society and Environment},
volume = {22},
pages = {100472},
year = {2021},
issn = {2352-9385},
doi = {https://doi.org/10.1016/j.rsase.2021.100472},
url = {https://www.sciencedirect.com/science/article/pii/S2352938521000082},
author = {Vera L.S. Arruda and Valderli J. Piontekowski and Ane Alencar and Reginaldo S. Pereira and Eraldo A.T. Matricardi},
keywords = {Cerrado biome, Forest fires, Google earth engine, Deep neural network, Remote sensing},
abstract = {The Cerrado biome in Brazil is characterized by a mosaic of vegetation types similar to African savanna and has one of the highest levels of biodiversity in the world. Wildfires have historically contributed to shaping the natural vegetation and are now being used in the establishment and management of agricultural systems and pastures. Consequently, the fire regime has been changing over the last few decades and increasingly affecting native vegetation, natural habitats, and ecosystem services in tropical regions. Mapping fire dynamics and spatial distribution are crucial to assess impacts on ecosystems and to define and enforce strategies and measures of fire control and prevention. In this study, we developed an alternative approach for mapping burned areas in the Cerrado biome in Brazil, using Landsat imagery and Deep Learning algorithm, implemented on the Google Earth Engine and on Google Cloud Storage platform. We compared our mapping results with two Burned Area products developed by INPE (30 m resolution) and MODIS MCD64A1 Burned Area Product (500 m resolution). Additionally, we assessed the accuracies of these three mapping products using 2,200 validation points within the study area. By comparing our mapping result with MCD64A1 and INPE burn scar products, we estimated an average agreement of 34\% for both. We observed that most mapping disagreements were mainly because of the effects of clouds/shadow conditions that affected the ability for spectral observations, differences in methodologies, and spatial resolution of each remotely sensed datasets used for mapping burned areas. Our validation results indicated an overall accuracy of 97\% of our methodological approach for mapping burned areas and, therefore, it can be successfully applied across savanna regions. Our results showed that 202,230 km2 was affected by fires within the Cerrado biome in 2017, in which 31\% overlapped cropping lands (agricultural fields and pastures) and 67\% overlapped various types of native vegetation (forest, savanna and grassland). Our proposed methodological approach and its results can be useful to enforce environmental command and control policies and to estimate carbon emissions, analyses interactions between climate and ecological drivers of fire, develop predictive models of fire risk dynamics, and providing spatial information that can help public policies and fire management/prevention actions for the Cerrado conservation.}
}

@Article{Abid2021,
author={Abid, Faroudja},
title={A Survey of Machine Learning Algorithms Based Forest Fires Prediction and Detection Systems},
journal={Fire Technology},
year={2021},
month={Mar},
day={01},
volume={57},
number={2},
pages={559-590},
abstract={Forest fires are one of the major environmental concerns, each year millions of hectares are destroyed over the world, causing economic and ecological damage as well as human lives. Thus, predicting such an environmental issue becomes a critical concern to mitigate this threat. Several technologies and new methods have been proposed to predict and detect forest fires. The trend is toward the integration of artificial intelligence to automate the prediction and detection of fire occurrence. This paper presents a comprehensive survey of the machine learning algorithms based forest fires prediction and detection systems. First, a brief introduction to the forest fire concern is given. Then, various methods and systems in forest fires prediction and detection systems are reviewed. Besides works that reported fire prediction and detection systems, studies that assessed the factors influencing the fire occurrence and risk are discussed. The main issues and outcomes within each study are presented and discussed.},
issn={1572-8099},
doi={10.1007/s10694-020-01056-z},
url={https://doi.org/10.1007/s10694-020-01056-z}
}

@article{UNBVera,
author = {Vera Laísa da Silva Arruda},
year = {2021},
month = {04},
title = {Mapeamento de cicatrizes de áreas queimadas no Cerrado usando imagens {Landsat, Google Earth Engine} e Deep Learning},
publisher={Universidade de Brasília},
}

@misc{MapBiomasQueimadas,
    author={{Projeto MapBiomas}},
    title={Mapeamento de cicatrizes de fogo no Brasil Coleção 1},
    url="https://plataforma.brasil.mapbiomas.org",
    year={2022}

}

@article{ModisGiovanna,
author = {Lima, Andre and Shimabukuro, Yosio and Adami, Marcos and Freitas, Ramon and Luiz, Eduardo and Aragão, Luiz and Formaggio, Antonio and Rivera-Lombardi, Roberto},
year = {2009},
month = {01},
title = {Mapeamento de Cicatrizes de Queimadas na Amazônia Brasileira a partir da aplicação do Modelo Linear de Mistura Espectral em imagens do sensor {MODIS}}
}


@misc{deter,
Title = {DETER},
Url = {https://doi.org/10.1109/JSTARS.2015.2437075}
}

@article{severidade-do-fogo,
    title = {MULTICRITERIA SEVERITY INDICATOR USING REMOTE SENSING FOR FOREST FIREFIGHTING DISPATCH IN THE BRAZILIAN AMAZON},
    author = {Daniela R. G. de Faria and Henrique Bernini and José Assis and Hélcio Vieira Junior},
}

@manual{qgis,
    Title = {Guia do Usuário QGIS},
    url = {https://docs.qgis.org/3.22/pt_BR/docs/user_manual/index.html}
}

@misc{sklearnrfc,
Title = {sklearn.ensemble.RandomForestClassifier},
Url = {https://scikit-learn.org/stable/modules/generated/sklearn.ensemble.RandomForestClassifier.html}
}

@misc{tamanhoIBGE,
Title = {Amazonia Legal - O que é},
Url = {https://www.ibge.gov.br/geociencias/cartas-e-mapas/mapas-regionais/15819-amazonia-legal.html?=&t=o-que-e},
Year = {2023}
}

@misc{INPE,
Title = {INPE - Perguntas frequentes},
Url = {http://www.inpe.br/faq/index.php?pai=6},
Year = {2023}
}

@misc{novatecnica,
Title = {A taxa consolidada de desmatamento para os nove estados da Amazônia Legal em
2022 foi de 11.594 km2},
Url = {https://www.gov.br/inpe/pt-br/assuntos/ultimas-noticias/a-taxa-consolidada-de-desmatamento-para-os-nove-estados-da-amazonia-legal-em-2022-foi-de-11-594-km2-1/NotaTecnica_consolidado_PRODES_2022.pdf},
Year = {2022}
}

@book{ibge1993,
	Address = {Rio de Janeiro},
	Author = {IBGE},
	Date-Added = {2013-08-21 13:56:10 +0000},
	Date-Modified = {2013-08-21 13:56:10 +0000},
	Edition = {3},
	Organization = {http://biblioteca.ibge.gov.br/visualizacao/livros/liv23907.pdf},
	Publisher = {Centro de Documentação e Disseminação de Informações. Fundação Intituto Brasileiro de Geografia e Estatística},
	Title = {Normas de apresentação tabular},
	urldate = {2013-08-21},
	Year = {1993}}

@misc{abntex2-wiki-como-customizar,
	Author = {Lauro César Araujo},
	Date-Added = {2013-03-23 21:39:21 +0000},
	Date-Modified = {2015-04-27 22:43:06 +0000},
	Howpublished = {Wiki do abnTeX2},
	Keywords = {wiki},
	Title = {Como customizar o abnTeX2},
	Url = {https://github.com/abntex/abntex2/wiki/ComoCustomizar},
	urldate = {2015-04-27},
	Year = {2015},
	Bdsk-Url-1 = {https://github.com/abntex/abntex2/wiki/ComoCustomizar}}

@manual{talbot2012,
	Author = {Nicola L.C. Talbot},
	Date-Added = {2013-03-11 12:06:04 +0000},
	Date-Modified = {2013-03-11 12:06:56 +0000},
	Month = {11.},
	Title = {User Manual for glossaries.sty},
	Url = {http://mirrors.ctan.org/macros/latex/contrib/glossaries/glossaries-user.pdf},
	urldate = {2013-03-11},
	Year = {2012},
	Bdsk-Url-1 = {http://mirrors.ctan.org/macros/latex/contrib/glossaries/glossaries-user.pdf}}

@manual{babel,
	Author = {Johannes Braams},
	Date-Added = {2013-02-17 13:37:14 +0000},
	Date-Modified = {2013-02-17 13:38:38 +0000},
	Month = {04},
	Title = {Babel, a multilingual package for use with LATEX's standard document classes},
	Url = {http://mirrors.ctan.org/info/babel/babel.pdf},
	urldate = {2013-02-17},
	Year = {2008},
	Bdsk-Url-1 = {http://mirrors.ctan.org/info/babel/babel.pdf}}

@manual{abntex2modelo-artigo,
	Annote = {Este documento é derivado do \cite{abnt-bibtex-doc}},
	Author = {Lauro César Araujo},
	Date-Added = {2013-01-15 00:10:35 +0000},
	Date-Modified = {2015-04-27 22:43:13 +0000},
	Organization = {Equipe abnTeX2},
	Title = {Modelo Canônico de Artigo Científico com abnTeX2},
	Url = {http://www.abntex.net.br/},
	Year = {2015},
	Bdsk-Url-1 = {http://www.abntex.net.br/}}

@manual{abntex2modelo-relatorio,
	Annote = {Este documento é derivado do \cite{abnt-bibtex-doc}},
	Author = {Lauro César Araujo},
	Date-Added = {2013-01-15 00:05:34 +0000},
	Date-Modified = {2015-04-27 22:43:18 +0000},
	Organization = {Equipe abnTeX2},
	Title = {Modelo Canônico de Relatório Técnico e/ou Científico com abnTeX2},
	Url = {http://www.abntex.net.br/},
	Year = {2015},
	Bdsk-Url-1 = {http://www.abntex.net.br/}}

@manual{abntex2modelo,
	Annote = {Este documento é derivado do \cite{abnt-bibtex-doc}},
	Author = {Lauro César Araujo},
	Date-Added = {2013-01-12 22:55:32 +0000},
	Date-Modified = {2015-04-27 22:43:32 +0000},
	Organization = {Equipe abnTeX2},
	Title = {Modelo Canônico de Trabalho Acadêmico com abnTeX2},
	Url = {http://www.abntex.net.br/},
	Year = {2015},
	Bdsk-Url-1 = {http://www.abntex.net.br/}}

@mastersthesis{araujo2012,
	Address = {Brasília},
	Author = {Lauro César Araujo},
	Date-Added = {2013-01-09 11:04:42 +0000},
	Date-Modified = {2013-01-09 11:04:42 +0000},
	Month = {03},
	School = {Universidade de Brasília},
	Subtitle = {uma perspectiva de {A}rquitetura da {I}nformação da {E}scola de {B}rasília},
	Title = {Configuração},
	Year = {2012}}

@manual{memoir,
	Address = {Normandy Park, WA},
	Author = {Peter Wilson and Lars Madsen},
	Date-Added = {2013-01-09 10:37:50 +0000},
	Date-Modified = {2013-03-21 13:23:25 +0000},
	Organization = {The Herries Press},
	Title = {The Memoir Class for Configurable Typesetting - User Guide},
	Url = {http://mirrors.ctan.org/macros/latex/contrib/memoir/memman.pdf},
	urldate = {2012-12-19},
	Year = {2010},
	Bdsk-Url-1 = {http://ctan.tche.br/macros/latex/contrib/memoir/memman.pdf}}

@manual{biblatex,
	Author = {Philip Kime and Moritz Wemheuer and Philipp Lehman},
	Date-Added = {2021-12-04 14:11:45 +0000},
	Date-Modified = {2021-12-04 14:11:45 +0000},
	Title = {The biblatex Package: Programmable Bibliographies and Citations},
	Url = {https://www.ctan.org/pkg/biblatex},
	Year = {2020},
	Bdsk-Url-1 = {https://ctan.dcc.uchile.cl/macros/latex/contrib/biblatex/doc/biblatex.pdf}}

@manual{biblatexabnt,
	Author = {Daniel Ballester Marques},
	Date-Added = {2021-12-04 14:14:45 +0000},
	Date-Modified = {2021-12-04 14:14:45 +0000},
	Title = {biblatex-abnt 3.4},
	Url = {https://ctan.dcc.uchile.cl/macros/latex/contrib/biblatex-contrib/biblatex-abnt/doc/biblatex-abnt.pdf},
	Year = {2018},
	Bdsk-Url-1 = {https://ctan.dcc.uchile.cl/macros/latex/contrib/biblatex-contrib/biblatex-abnt/doc/biblatex-abnt.pdf}}

@manual{abntex2classe,
	Author = {Lauro César Araujo},
	Date-Added = {2013-01-09 10:37:38 +0000},
	Date-Modified = {2015-04-27 22:42:47 +0000},
	Organization = {Equipe abnTeX2},
	Title = {A classe abntex2: Modelo canônico de trabalhos acadêmicos brasileiros compatível com as normas ABNT NBR 14724:2011, ABNT NBR 6024:2012 e outras},
	Url = {http://www.abntex.net.br/},
	Year = {2015},
	Bdsk-Url-1 = {http://www.abntex.net.br/}}

@manual{NBR10520:2002,
	Address = {Rio de Janeiro},
	Date-Added = {2012-12-15 21:43:38 +0000},
	Date-Modified = {2013-01-12 22:17:20 +0000},
	Month = {08},
	Org-Short = {ABNT},
	Organization = {Associação Brasileira de Normas T\'ecnicas},
	Pages = 7,
	Subtitle = {Informação e documentação --- Apresentação de citaçãoes em documentos},
	Title = {{NBR} 10520},
	Year = 2002}

@manual{NBR6024:2012,
	Address = {Rio de Janeiro},
	Date-Added = {2012-12-15 21:24:06 +0000},
	Date-Modified = {2012-12-15 21:24:28 +0000},
	Month = {02},
	Org-Short = {ABNT},
	Organization = {Associação Brasileira de Normas T\'ecnicas},
	Pages = 4,
	Subtitle = {Numeração progressiva das seçãoes de um documento},
	Title = {{NBR} 6024},
	Year = 2012}

@manual{NBR6028:2003,
	Address = {Rio de Janeiro},
	Date-Added = {2012-12-15 21:02:12 +0000},
	Date-Modified = {2012-12-15 21:02:50 +0000},
	Month = {11},
	Org-Short = {ABNT},
	Organization = {Associação Brasileira de Normas T\'ecnicas},
	Pages = 2,
	Subtitle = {Resumo - Apresentação},
	Title = {{NBR} 6028},
	Year = 2003}

@manual{NBR14724:2001,
	Address = {Rio de Janeiro},
	Date-Added = {2012-12-15 20:34:08 +0000},
	Date-Modified = {2012-12-15 20:34:08 +0000},
	Month = {07},
	Org-Short = {ABNT},
	Organization = {Associação Brasileira de Normas T\'ecnicas},
	Pages = 6,
	Subtitle = {Informação e documentação --- trabalhos acad\^emicos --- apresentação},
	Title = {{NBR} 14724},
	Year = 2001}

@manual{NBR14724:2002,
	Address = {Rio de Janeiro},
	Date-Added = {2012-12-15 20:34:17 +0000},
	Date-Modified = {2012-12-15 20:34:17 +0000},
	Month = {08},
	Org-Short = {ABNT},
	Organization = {Associação Brasileira de Normas T\'ecnicas},
	Pages = 6,
	Subtitle = {Informação e documentação --- trabalhos acad\^emicos --- apresentação},
	Title = {{NBR} 14724},
	Year = 2002}

@manual{NBR14724:2005,
	Address = {Rio de Janeiro},
	Date-Added = {2012-12-15 20:34:08 +0000},
	Date-Modified = {2012-12-15 20:35:25 +0000},
	Month = {12},
	Org-Short = {ABNT},
	Organization = {Associação Brasileira de Normas T\'ecnicas},
	Pages = 9,
	Subtitle = {Informação e documentação --- trabalhos acad\^emicos --- apresentação},
	Title = {{NBR} 14724},
	Year = 2005}

@manual{NBR14724:2011,
	Address = {Rio de Janeiro},
	Date-Added = {2012-12-15 20:34:08 +0000},
	Date-Modified = {2012-12-15 20:35:25 +0000},
	Month = {03},
	Note = {Substitui a Ref.~\textcite{NBR14724:2005}},
	Org-Short = {ABNT},
	Organization = {Associação Brasileira de Normas T\'ecnicas},
	Pages = 15,
	Subtitle = {Informação e documentação --- trabalhos acad\^emicos --- apresentação},
	Title = {{NBR} 14724},
	Year = 2011}

@article{van86,
	Author = {{van}, Gigch, John P. and Leo L. Pipino},
	Journal = {Future Computing Systems},
	Number = {1},
	Pages = {71-97},
	Title = {In search for a paradigm for the discipline of information systems},
	Volume = {1},
	Year = {1986}}

@article{SINGH2020105524,
title = {Investigating the impact of data normalization on classification performance},
journal = {Applied Soft Computing},
volume = {97},
pages = {105524},
year = {2020},
issn = {1568-4946},
doi = {https://doi.org/10.1016/j.asoc.2019.105524},
url = {https://www.sciencedirect.com/science/article/pii/S1568494619302947},
author = {Dalwinder Singh and Birmohan Singh},
keywords = {Ant lion optimization, Data normalization, Feature selection, Feature weighting, -NN classifier}
}

@phdthesis{guizzardi2005,
	Address = {Enschede, The Netherlands},
	Author = {Giancarlo Guizzardi},
	Date-Added = {2012-04-23 11:35:28 +0000},
	Date-Modified = {2012-04-23 11:35:28 +0000},
	School = {Centre for Telematics and Information Technology, University of Twente},
	Title = {Ontological Foundations for Structural Conceptual Models},
	Url = {http://www.loa.istc.cnr.it/Guizzardi/SELMAS-CR.pdf},
	urldate = {2011-07-03},
	Year = {2005},
	Bdsk-Url-1 = {http://www.loa.istc.cnr.it/Guizzardi/SELMAS-CR.pdf}}

@mastersthesis{macedo2005,
	Author = {Flávia L. Macedo},
	Date-Added = {2012-04-23 11:35:13 +0000},
	Date-Modified = {2012-04-23 11:35:13 +0000},
	Keywords = {arquitetura da informação},
	School = {Universidade de Brasília},
	Title = {Arquitetura da Informação: aspectos espistemológicos, científicos e práticos.},
	Type = {Dissertação de Mestrado},
	Year = {2005}}

@manual{EIA649B,
	Address = {EUA},
	Date-Added = {2012-04-23 11:34:59 +0000},
	Date-Modified = {2012-04-23 11:34:59 +0000},
	Keywords = {norma},
	Month = {06},
	Organization = {TechAmerica},
	Title = {ANSI/EIA 649-B: Configuration Management Standard},
	Year = {2011}}

@inproceedings{masolo2010,
	Author = {Claudio Masolo},
	Booktitle = {Proceedings of the Twelfth International Conference on the Principles of Knowledge Representation and Reasoning (KR 2010)},
	Date-Added = {2012-04-23 11:34:38 +0000},
	Date-Modified = {2012-04-23 11:34:38 +0000},
	Editor = {Lin, F. and Sattler, U.},
	Pages = {258-268},
	Publisher = {AAAI Press},
	Title = {Understanding Ontological Levels},
	Url = {http://wiki.loa-cnr.it/Papers/kr10v0.7.pdf},
	urldate = {2012-01-02},
	Year = {2010},
	Bdsk-Url-1 = {http://wiki.loa-cnr.it/Papers/kr10v0.7.pdf}}

@inbook{guarino1995,
	Address = {Vienna},
	Author = {Nicola Guarino},
	Booktitle = {Philosophy and the Cognitive Science},
	Date-Added = {2012-04-23 11:34:29 +0000},
	Date-Modified = {2012-04-23 11:34:29 +0000},
	Editor = {R. Casati and B. Smith and G. White},
	Month = {07},
	Pages = {443-456},
	Publisher = {Holder-Pivhler-Tempsky},
	Title = {The Ontological Level},
	Url = {http://wiki.loa-cnr.it/Papers/OntLev.pdf},
	urldate = {2012-01-02},
	Year = {1995},
	Bdsk-Url-1 = {http://wiki.loa-cnr.it/Papers/OntLev.pdf}}

@incollection{bates2010,
	Address = {New York},
	Author = {Marcia J. Bates},
	Booktitle = {Encyclopedia of Library and Information Sciences},
	Date-Added = {2012-04-23 11:34:29 +0000},
	Date-Modified = {2012-04-23 11:34:29 +0000},
	Edition = {3rd},
	Editor = {Marcia J. Bates and Mary Niles Maack},
	Pages = {2347-2360},
	Publisher = {CRC Press},
	Title = {Information},
	Url = {http://pages.gseis.ucla.edu/faculty/bates/articles/information.html},
	urldate = {2011-10-24},
	Volume = {3},
	Year = {2010},
	Bdsk-Url-1 = {http://pages.gseis.ucla.edu/faculty/bates/articles/information.html}}

@book{doxiadis1965,
	Author = {Constantinos A. Doxiadis},
	Date-Added = {2012-04-23 11:34:20 +0000},
	Date-Modified = {2012-04-23 11:34:20 +0000},
	Publisher = {Ceira - Coimbra},
	Title = {Arquitetura em Transição},
	Year = {1965}}

@book{dewey1980,
	Address = {New York, NY, USA},
	Author = {John Dewey},
	Date-Added = {2012-04-23 11:34:16 +0000},
	Date-Modified = {2012-04-23 11:34:16 +0000},
	Publisher = {Perigee Books},
	Title = {Art as Experience},
	Year = {1980}}

@misc{painel-fogo,
    author = {CENSIPAM},
    title = {Painel do Fogo},
    url = {https://paineldofogo.sipam.gov.br},
    note={Acessado em: 26/10/2022},
    year={2022}
}

@misc{cadastro-rural,
    author = {Serviço Florestal Brasileiro},
    title = {SICAR},
    url = {https://www.car.gov.br/publico/imoveis/index},
    note={Acessado em: 23/11/2023}
}

@book{minsky69perceptrons,
  added-at = {2008-05-16T13:57:01.000+0200},
  address = {Cambridge, MA, USA},
  author = {Minsky, Marvin and Papert, Seymour},
  biburl = {https://www.bibsonomy.org/bibtex/206a5a6751b3e61408455fca2ed8d87fc/sb3000},
  description = {: mf : blob : » bibtex},
  interhash = {d80d4948a422623047f1b800272c0389},
  intrahash = {06a5a6751b3e61408455fca2ed8d87fc},
  keywords = {linear-classification neural-networks seminal},
  publisher = {MIT Press},
  timestamp = {2008-05-16T13:57:02.000+0200},
  title = {Perceptrons: An Introduction to Computational Geometry},
  year = 1969
}

@unpublished{BrunoScholess2023,
  author    = {Bruno Scholles Soares Dias},
  title     = {Tipificação de Incêndios Florestais na Amazônia Legal através de Aprendizado de Máquina e Aprendizado Profundo},
  note      = {Trabalho de Conclusão de Curso não apresentado},
  year      = {2023},
  institution = {UnB},
  % other fields...
}

@incollection{NEURIPS2019_9015,
title = {PyTorch: An Imperative Style, High-Performance Deep Learning Library},
author = {Paszke, Adam and Gross, Sam and Massa, Francisco and Lerer, Adam and Bradbury, James and Chanan, Gregory and Killeen, Trevor and Lin, Zeming and Gimelshein, Natalia and Antiga, Luca and Desmaison, Alban and Kopf, Andreas and Yang, Edward and DeVito, Zachary and Raison, Martin and Tejani, Alykhan and Chilamkurthy, Sasank and Steiner, Benoit and Fang, Lu and Bai, Junjie and Chintala, Soumith},
booktitle = {Advances in Neural Information Processing Systems 32},
pages = {8024--8035},
year = {2019},
publisher = {Curran Associates, Inc.},
url = {http://papers.neurips.cc/paper/9015-pytorch-an-imperative-style-high-performance-deep-learning-library.pdf}
}

@misc{NASAMODIS, url={https://modis.gsfc.nasa.gov/about/}, journal={NASA}, publisher={NASA}} 

@article{terrabrasilis,
  author = {Assis, L. F. F. G. and Ferreira, K. R. and Vinhas, L. and Maurano, L. and Almeida, C. and Carvalho, A. and Rodrigues, J. and Maciel, A. and Camargo, C.},
  title = {TerraBrasilis: A Spatial Data Analytics Infrastructure for Large-Scale Thematic Mapping},
  journal = {ISPRS International Journal of Geo-Information},
  volume = {8},
  number = {513},
  year = {2019},
  doi = {10.3390/ijgi8110513}
}